<?xml version="1.0" encoding="UTF-8"?><collection xmlns="http://www.loc.gov/MARC21/slim"><record><leader>00694nam--2200181-i-4500</leader><controlfield tag="001">000037796</controlfield><controlfield tag="002">20161230</controlfield><controlfield tag="005">20161230201041</controlfield><controlfield tag="008">060222s1000------------r-----000-0-fre-d</controlfield><datafield ind1=" " ind2=" " tag="040"><subfield code="a">IFIN-HH</subfield></datafield><datafield ind1=" " ind2=" " tag="041"><subfield code="a">fre</subfield></datafield><datafield ind1=" " ind2=" " tag="080"><subfield code="a">537.228:537.632.5(043)</subfield></datafield><datafield ind1="1" ind2=" " tag="100"><subfield code="a">Ramette, Jacques</subfield></datafield><datafield ind1="1" ind2="0" tag="245"><subfield code="a">Etude experimentale des profils des raies spectrales hb( =4861, 32a) et hei 43 d, 3f-23p ( =4471,48a et 4470,04a) elargies par effets stark au stark-zeeman combines, emises par des plasmas d`hydrogene ou d`helium dans leur phase de recombinaison</subfield><subfield code="b">These</subfield><subfield code="c">Jacques ramette</subfield></datafield><datafield ind1=" " ind2=" " tag="260"><subfield code="a">Paris</subfield><subfield code="b">Universite De Paris-sud</subfield><subfield code="c">1977</subfield></datafield><datafield ind1=" " ind2=" " tag="300"><subfield code="a">274P</subfield></datafield><datafield ind1=" " ind2=" " tag="852"><subfield code="a">44806</subfield><subfield code="c">537:538</subfield></datafield><datafield ind1=" " ind2=" " tag="CAT"><subfield code="a">Sys</subfield><subfield code="c">20110621</subfield><subfield code="h">152348</subfield></datafield></record></collection>